<record><leader>00000cas a2200000 a 4500</leader><controlfield tag="001">25667874</controlfield><controlfield tag="008">920417d18uu1974iluwr ne      0   a0eng c</controlfield><datafield ind1=" " ind2=" " tag="010"><subfield code="a">sn 92053224 </subfield></datafield><datafield ind1=" " ind2=" " tag="040"><subfield code="a">NVF</subfield><subfield code="b">eng</subfield><subfield code="c">NVF</subfield><subfield code="d">OCL</subfield><subfield code="d">NVF</subfield><subfield code="d">CVF</subfield><subfield code="d">NVF</subfield><subfield code="d">OCLCF</subfield><subfield code="d">NVF</subfield><subfield code="d">OCLCO</subfield><subfield code="d">OCL</subfield></datafield><datafield ind1=" " ind2=" " tag="042"><subfield code="a">pcc</subfield></datafield><datafield ind1=" " ind2=" " tag="043"><subfield code="a">n-us-il</subfield></datafield><datafield ind1="0" ind2="4" tag="245"><subfield code="a">The Kendall County news.</subfield></datafield><datafield ind1="1" ind2=" " tag="246"><subfield code="i">Published as:</subfield><subfield code="a">News-comet</subfield><subfield code="f">Feb.17-Aug. 11, 1897</subfield></datafield><datafield ind1="1" ind2=" " tag="246"><subfield code="i">Published as:</subfield><subfield code="a">Lisbon comet</subfield><subfield code="f">June 17, 1908-June 5, 1909</subfield></datafield><datafield ind1="1" ind2=" " tag="246"><subfield code="i">Published as:</subfield><subfield code="a">Sandwich free press and Kendall County news</subfield><subfield code="f">Nov. 27, 1963</subfield></datafield><datafield ind1="1" ind2=" " tag="246"><subfield code="i">Published as:</subfield><subfield code="a">News-press</subfield><subfield code="f">Dec. 5, 1963-Oct. 8, 1964</subfield></datafield><datafield ind1="3" ind2=" " tag="246"><subfield code="a">News comet</subfield></datafield><datafield ind1="3" ind2=" " tag="246"><subfield code="a">News press</subfield></datafield><datafield ind1=" " ind2=" " tag="260"><subfield code="a">Plano, Kendall County, Ill. :</subfield><subfield code="b">Marley &amp; Cook</subfield></datafield><datafield ind1=" " ind2=" " tag="300"><subfield code="a">v.</subfield></datafield><datafield ind1=" " ind2=" " tag="310"><subfield code="a">Weekly</subfield></datafield><datafield ind1="0" ind2=" " tag="362"><subfield code="a">-102nd year, no. 28 (Oct. 31, 1974).</subfield></datafield><datafield ind1=" " ind2=" " tag="525"><subfield code="a">Silver Jubilee supplement accompanies June 17, 1908 issue.</subfield></datafield><datafield ind1=" " ind2=" " tag="580"><subfield code="a">Merged with: Sandwich free press (Sandwich, Ill. : 1970), to form: Plano-Sandwich news-press.</subfield></datafield><datafield ind1=" " ind2=" " tag="588"><subfield code="a">Description based on: Vol. 10, no. 16 (Sept. 23, 1881).</subfield></datafield><datafield ind1=" " ind2="0" tag="651"><subfield code="a">Sandwich (Ill.)</subfield><subfield code="v">Newspapers.</subfield></datafield><datafield ind1=" " ind2="0" tag="651"><subfield code="a">Lisbon (Ill.)</subfield><subfield code="v">Newspapers.</subfield></datafield><datafield ind1=" " ind2="0" tag="651"><subfield code="a">Kendall County (Ill.)</subfield><subfield code="v">Newspapers.</subfield></datafield><datafield ind1=" " ind2="7" tag="651"><subfield code="a">Illinois</subfield><subfield code="z">Sandwich</subfield><subfield code="2">fast</subfield><subfield code="0">(OCoLC)fst01226879</subfield></datafield><datafield ind1=" " ind2="7" tag="651"><subfield code="a">Illinois</subfield><subfield code="z">Kendall County.</subfield><subfield code="2">fast</subfield><subfield code="0">(OCoLC)fst01213236</subfield></datafield><datafield ind1=" " ind2="7" tag="651"><subfield code="a">Illinois</subfield><subfield code="z">Lisbon.</subfield><subfield code="2">fast</subfield><subfield code="0">(OCoLC)fst01885014</subfield></datafield><datafield ind1=" " ind2="7" tag="655"><subfield code="a">Newspapers.</subfield><subfield code="2">fast</subfield><subfield code="0">(OCoLC)fst01423814</subfield></datafield><datafield ind1=" " ind2=" " tag="752"><subfield code="a">United States</subfield><subfield code="b">Illinois</subfield><subfield code="c">Kendall</subfield><subfield code="d">Plano.</subfield></datafield><datafield ind1="1" ind2="7" tag="785"><subfield code="t">Sandwich free press (Sandwich, Ill. : 1970)</subfield><subfield code="w">(DLC)sn 92053225</subfield><subfield code="w">(OCoLC)25667775</subfield></datafield><datafield ind1="1" ind2="7" tag="785"><subfield code="t">Plano-Sandwich news-press</subfield><subfield code="w">(DLC)sn 92053226</subfield><subfield code="w">(OCoLC)25668036</subfield></datafield><datafield ind1="1" ind2=" " tag="029"><subfield code="a">AU@</subfield><subfield code="b">000020228663</subfield></datafield></record>